1987 2716
668 182 1200 260 H1sTo11'zE.
1674 233 1725 270 ις

358 331 414 367 sub
441 331 694 378 praecedentem
721 329 873 364 ordinem
907 328 1105 374 secundum,
1145 338 1180 363 ut
1215 342 1331 377 magna
1364 340 1433 376 pars
1468 329 1590 366 ordinis
1627 336 1732 379 quarti

361 396 393 427 in
420 393 482 427 hoc
511 395 604 426 strato
631 391 689 425 sub
716 394 870 435 tertium,
898 402 930 426 et
951 401 1036 425 totus
1059 389 1142 424 ordo
1164 392 1278 424 tertius
1305 390 1360 424 sub
1383 390 1557 426 secundum
1582 394 1613 425 in
1636 395 1730 427 strato

362 465 522 498 externo,
552 453 583 488 se
611 455 782 499 recipiunt.
833 450 954 501 Neque
980 450 1145 487 fasciculus
1175 451 1290 486 deficit
1324 454 1520 498 interpositis
1555 453 1730 500 fingulai·55‚

359 522 406 562 (e.
421 515 464 553 E.
490 518 570 558 28.)
600 515 730 550 ultimus
760 516 882 551 ordinis
910 515 1155 563 praee-denti5‚
1184 513 1241 548 sub
1270 526 1370 563 quem
1399 515 1429 548 se
1457 518 1627 562 recipiant,
1656 529 1727 550 ana-

358 580 451 628 logus
479 590 686 626 procurrente
716 580 830 622 majori
856 581 888 613 in
914 581 1007 613 strato
1035 588 1176 612 externo
1203 588 1237 613 et
1252 579 1373 612 minori
1401 578 1484 624 (37.
1503 587 1558 618 38.
1577 592 1632 620 39·
1649 579 1730 628 40.)

359 646 392 678 in
424 642 488 677 hoc
515 646 608 677 strato
636 643 792 678 secundo.

237 722 292 753 33.
327 721 383 752 34.
414 719 470 748 35.
492 710 520 750 s.
550 714 606 749 36.
635 721 690 750 37.
720 717 774 749 38.
805 721 861 749 39.
891 720 950 751 40.
1004 706 1104 744 Ordo
1139 711 1254 743 tertius
1284 707 1435 743 fibrarum
1461 707 1633 743 ventriculi
1660 710 1731 743 fini-

358 775 411 808 stri
438 775 470 806 in
496 775 590 808 strato
617 772 781 819 secundo,
808 782 896 808 ortus
923 786 940 808 a
966 773 1075 808 media
1103 785 1194 820 parte
1222 786 1358 818 crenae,
1403 774 1508 807 flexus
1536 775 1619 806 circa
1647 785 1728 806 mar-

354 839 466 885 ginem
501 842 571 882 (34
607 850 666 881 40.
693 836 783 873 Tah.
809 836 882 872 IX.
909 851 944 880 4.
974 838 1072 884 11.),
1102 837 1237 873 insertus
1265 840 1297 872 in
1325 839 1430 872 striam
1459 835 1571 883 (Tah.
1600 835 1672 871 IX.
1701 841 1732 870 6.

361 912 416 933 ιο.
448 894 614 942 12.ἰς.)

235 976 291 1006 34.
321 975 376 1005 33.
430 961 537 999 Prima
572 965 681 1010 portio
716 964 801 997 flexa
833 966 916 998 circa
941 965 1123 1011 marginem
1151 963 1260 1009 (Tah.
1288 963 1360 999 IX.
1387 977 1421 1005 4.
1453 963 1534 1011 5.)',
1572 965 1732 1010 recipiens

353 1029 386 1065 se
412 1031 528 1076 partim
563 1028 619 1069 sub
654 1028 820 1064 fasciculos
860 1042 921 1064 una
954 1042 1028 1064 cum
1058 1032 1276 1077 interpositis,
1316 1033 1433 1078 partim
1474 1033 1506 1064 in
1533 1033 1638 1066 striam
1682 1031 1732 1064 in-

354 1091 449 1126 serta.
501 1089 611 1135 (Tab.
637 1089 708 1124 IX.
737 1095 794 1133 6.)

237 1173 292 1204 35.
323 1175 378 1205 33.
428 1163 545 1198 Altera
572 1165 705 1210 portio,
734 1166 821 1198 flexa
847 1166 930 1198 circa
957 1165 1138 1211 marginem
1166 1163 1271 1210 (Tab.
1298 1163 1371 1198 IX.
1402 1175 1433 1204 5.
1464 1166 1528 1212 7),
1556 1164 1611 1200 sub
1638 1168 1727 1213 prio—

354 1240 423 1262 rem
450 1228 481 1262 se
509 1230 671 1274 resipiens
706 1227 816 1271 (Tala.
844 1226 917 1262 IX.
943 1231 1002 1273 9.)

236 1310 289 1342 35.
319 1305 376 1340 36.
405 1313 461 1341 39·
515 1299 632 1335 Tertia
659 1301 791 1346 portio,
819 1303 923 1333 tenuis
951 1303 1034 1335 circa
1059 1303 1242 1349 marginem
1269 1304 1357 1337 flexa
1387 1300 1637 1350 (Tuane-7.
1657 1303 1725 1350 8.)‚

360 1364 400 1398 ad
428 1366 535 1407 strIam
562 1364 723 1410 perducta
749 1363 862 1407 <Tala
890 1363 963 1398 IX.
995 1368 1075 1406 ιο.)

233 1449 287 1479 37.
317 1447 372 1480 38.
403 1451 460 1479 39.
488 1451 548 1481 40.
599 1437 712 1472 Portio
739 1449 875 1486 quarta,
905 1438 1071 1474 fasciculus
1098 1437 1275 1483 annulare,
1306 1441 1372 1472 five
1400 1451 1591 1485 procurrens
1618 1438 1727 1472 brevi9

356 1502 388 1532 in
416 1501 509 1532 strato
536 1498 701 1542 secundo,
734 1499 789 1531 sub
815 1511 917 1545 quem
943 1501 974 1532 se
1006 1500 1115 1533 fibrae
1143 1500 1263 1533 ordini=
1293 1501 1419 1546 quanti,
1461 1498 1529 1533 fere
1557 1512 1670 1534 omnes
1698 1501 1731 1533 in

353 1557 529 1603 superiori,
558 1561 675 1604 partim
704 1560 734 1590 in
761 1557 906 1591 inferiori
932 1557 1103 1603 superficie
1132 1559 1240 1605 (Tab.
1255 1557 1326 1592 IX.
1359 1565 1413 1593 16.
1447 1563 1524 1604 17.)
1550 1563 1725 1607 recipiunt.

361 1615 429 1651 Hic
465 1619 579 1653 crassus
617 1631 746 1652 carnem
781 1618 940 1652 funiculus
980 1621 1160 1654 admodum
1188 1622 1312 1653 eminet
1347 1631 1424 1665 prae
1460 1619 1585 1663 reliqua
1618 1623 1726 1657 cordis

356 1688 472 1723 parte,
521 1682 658 1724 regione
684 1681 785 1724 apicis
812 1683 895 1722 (40.
923 1685 1019 1724 48.).
1084 1679 1247 1728 Imprimis
1276 1684 1308 1715 in
1336 1684 1473 1729 regione
1509 1686 1591 1729 (40.
1619 1689 1724 1732 45.),

352 1739 601 1786 profundiorem
634 1739 765 1774 foveam
792 1740 916 1786 efficit,
955 1755 1054 1790 quam
1091 1744 1248 1779 funiculus
1282 1757 1472 1791 procurrens
1502 1746 1610 1782 brevis
1640 1750 1723 1782 strati

355 1802 507 1845 externi,
547 1799 627 1834 dum
654 1803 798 1834 tenuiori
826 1799 1003 1849 latiorique
1031 1814 1121 1850 parte
1156 1817 1229 1839 cum
1265 1805 1356 1848 hujus
1386 1808 1468 1840 strati
1497 1806 1642 1843 funiculo
1678 1821 1723 1843 ex

348 1865 465 1900 eadem
492 1875 581 1911 parte
608 1877 720 1900 crenae
748 1869 822 1910 (37.
845 1869 919 1909 38)
949 1877 1051 1915 ortu<‚
1076 1873 1173 1904 tereti
1201 1869 1361 1917 crassaque
1390 1872 1490 1906 cauda
1518 1872 1624 1906 versus
1652 1875 1721 1920 api—

352 1937 423 1959 cem
451 1925 642 1972 descendit,
668 1924 793 1973 replet,
822 1939 926 1975 eaque
954 1931 1078 1965 ratione
1101 1930 1271 1979 aequalem
1299 1929 1402 1965 efficit
1426 1931 1596 1966 ventriculi
1614 1932 1715 1980 super·

351 1988 463 2022 ficiem
490 1997 670 2022 externam.

228 2072 283 2102 37.
313 2068 367 2101 38.
420 2059 492 2096 Pars
520 2061 613 2097 latssor
639 2072 672 2096 et
698 2063 826 2099 tenuior
854 2063 1005 2114 funiculi,
1028 2078 1096 2114 iqua
1123 2080 1140 2101 a
1160 2079 1254 2101 crena
1282 2070 1399 2112 oritur,
1430 2069 1461 2101 in
1490 2067 1567 2102 duas
1596 2072 1724 2115 portio.

355 2137 410 2160 nes
441 2139 483 2167 37
511 2138 546 2161 et
576 2137 632 2168 38.
663 2127 784 2172 divisis,
821 2143 957 2178 quarum
985 2131 1037 2165 illa
1067 2143 1109 2173 37
1139 2131 1213 2166 huic
1245 2140 1286 2172 38
1317 2132 1454 2167 adnexa.

231 2206 289 2239 32.
338 2195 413 2233 Pars
440 2201 593 2247 crasjor,
617 2200 687 2237 sere
714 2203 873 2254 rotunda,
900 2204 991 2256 quafi
1017 2205 1139 2253 cauda,
1167 2217 1230 2255 qua
1257 2208 1340 2243 cirta
1367 2209 1548 2255 marginem
1574 2207 1723 2245 funiculis

1683 2269 1717 2303 se
