1987 2716
694 171 937 213 -27

122 275 215 317 tere
265 271 365 315 sunt
413 271 694 323 censendae,
743 281 983 331 propterea
1025 271 1147 330 quod
1187 283 1276 313 non
1307 269 1497 316 diversos
1532 272 1706 319 fatiores

122 337 384 381 involvunt.

315 467 348 521 §.
388 479 456 507 10.
522 463 645 507 Hinc
667 465 1125 523 igiturintelligimus
1145 464 1191 505 in
1213 462 1398 505 formula
1417 478 1708 525 nzaex÷nyy

122 529 283 587 ingens
324 529 596 571 intercedere
622 529 868 577 discrimen,
904 541 1008 570 cum
1044 528 1163 568 aliae
1200 526 1266 568 ita
1301 525 1384 566 fint
1403 537 1707 585 comparatae,

125 597 180 633 ut
221 606 373 633 omnes
418 592 587 634 numeri
632 593 765 633 unico
801 592 927 633 modo
960 590 1096 632 iniis
1132 589 1333 631 contenti
1369 589 1476 631 reue
1509 606 1589 648 pro
1623 594 1710 651 pri-

123 655 206 697 mis
260 657 418 698 haberi
451 660 639 712 queant,
686 656 792 696 dum
827 655 947 696 aliae
982 655 1069 694 hac
1103 652 1263 711 infigni
1299 654 1573 709 proprietate
1607 656 1709 701 sunt

123 718 395 767 destitutae,
441 719 816 774 quemadmodum
852 718 900 759 in
933 716 1124 759 formula
1160 730 1282 765 7aex
1303 731 1344 755 —4—
1369 732 1388 754 2
1410 730 1489 773 ry
1523 719 1602 760 usu
1635 735 1708 763 ve-

123 782 217 823 nire
258 783 347 824 iam
391 787 495 823 ante
528 780 875 824 observavi-nus.
964 780 1112 828 Quam
1146 781 1203 822 ob
1237 794 1327 822 rem
1362 793 1466 822 cum
1499 782 1615 824 istud
1648 785 1710 826 di-

122 844 304 887 scrimen
349 859 434 886 non
475 844 613 886 solum
648 845 700 886 fit
734 844 919 886 maximi
957 845 1168 886 momenti
1190 875 1202 894 7
1254 843 1325 884 sed
1359 845 1495 886 etiam
1531 845 1578 888 in
1611 847 1708 904 ipsa

122 914 283 950 natura
322 910 478 949 harum
516 910 797 950 formularum
833 908 1103 956 fundatum,
1146 908 1392 963 plurimum
1427 911 1703 961 conveniet,

121 971 233 1012 duas
270 972 433 1012 talium
469 972 751 1014 formularum
792 971 949 1014 claffcs
990 971 1287 1020 constituere,
1339 977 1477 1026 atque
1514 985 1538 1013 a
1573 972 1612 1015 se
1646 975 1710 1017 in-

121 1034 268 1075 vicem
301 1034 490 1076 sollicite
529 1036 796 1093 distinguere
818 1067 832 1084 ,
876 1035 1242 1091 quandoquidem
1277 1034 1355 1075 hic
1389 1034 1515 1075 nobis
1551 1049 1709 1094 propo-

121 1095 252 1138 situm
295 1098 354 1139 est
398 1098 589 1156 insignes
635 1106 771 1156 atque
809 1100 919 1141 adeo
954 1099 1181 1140 mirabiles
1217 1097 1515 1155 proprietates
1550 1100 1706 1155 prioris

122 1160 263 1201 claffis
309 1164 562 1205 accuratius
606 1165 850 1212 evolvere,
903 1177 1041 1219 quam
1075 1176 1177 1222 ergo
1210 1162 1411 1220 sequenti
1446 1161 1709 1208 definitione

119 1222 481 1267 determinemus.

788 1351 1037 1404 Definitio-

320 1412 506 1471 Quando
541 1421 707 1462 numeri
741 1433 784 1460 m
817 1426 860 1462 et
894 1435 921 1462 n
958 1421 1022 1461 ita
1047 1413 1150 1475 fimt
1185 1420 1445 1474 comparati,
1481 1425 1531 1462 ut
1564 1434 1708 1465 omnes

128 1472 291 1512 numeri
342 1478 464 1520 unico
514 1481 641 1522 modo
692 1482 735 1522 in
769 1476 964 1538 formula
1007 1493 1143 1522 mxx
1164 1487 1221 1522 -μ
1244 1494 1271 1520 η
1284 1493 1320 1533 y
1330 1494 1368 1535 y
1401 1485 1591 1526 contenti
1616 1481 1709 1539 sint

127 1532 193 1574 vel
235 1530 314 1590 ipsi.
359 1540 522 1593 primi,
574 1542 639 1584 vel
674 1548 846 1585 tantum
882 1543 1098 1585 binarium
1130 1541 1196 1584 vel
1229 1544 1474 1599 quempiam
1497 1540 1710 1603 fafforem

125 1608 398 1641 numerorum
431 1616 473 1643 m
507 1609 550 1646 et
584 1620 611 1646 η
649 1605 884 1651 involvant,
903 1605 969 1647 vel
1005 1605 1141 1646 etiam
1175 1605 1305 1646 certis
1338 1602 1501 1658 casibus
1523 1605 1617 1663 sint
1639 1624 1709 1667 po-

126 1653 304 1708 testates
355 1661 539 1715 binarii;
587 1667 699 1708 tales
731 1662 951 1721 formulas
986 1668 1030 1707 in
1054 1661 1332 1723 sequentibus
1355 1661 1576 1724 formulas
1609 1686 1708 1716 con-

122 1731 259 1772 gruas
292 1724 609 1779 appellabimus
616 1741 634 1778 ;
675 1727 745 1769 ubi
779 1729 956 1785 quidem
989 1742 1066 1786 per
1091 1724 1136 1784 se
1171 1725 1437 1787 perspicuum
1470 1731 1528 1786 est
1560 1737 1706 1780 ambos

122 1793 318 1826 numeros
350 1799 381 1827 ,τ
411 1791 455 1829 et
479 1802 518 1845 y
552 1792 668 1833 inter
697 1785 737 1848 fh
771 1793 935 1849 primos
968 1792 1110 1849 accipi
1143 1792 1309 1836 debere.

312 1912 345 1966 5.
386 1926 452 1954 11.
512 1912 610 1958 ,Hic
646 1917 786 1974 igitur
817 1920 955 1974 probe
989 1919 1235 1963 tenendum
1270 1922 1330 1964 est
1351 1937 1553 1966 numeros
1574 1922 1706 1966 semel

123 1974 300 2040 tantum
335 1973 383 2017 in
416 1978 500 2019 tali
535 1978 722 2022 formula
758 1995 957 2039 congrua.
993 1996 1338 2042 moeae—t—nyy
1363 1992 1595 2028 contentos
1616 2001 1703 2031 non

120 2031 267 2075 statlm
311 2049 389 2091 pro
428 2042 582 2095 primis
625 2043 711 2085 esse
746 2047 1010 2097 habendos,
1062 2053 1299 2104 propterea
1353 2050 1471 2105 quod
1519 2052 1700 2094 evenire

119 2097 298 2168 potest,
336 2110 384 2142 ut
418 2104 660 2147 denotante
687 2122 722 2162 p
757 2123 990 2151 numerum
1024 2111 1217 2166 primum
1252 2126 1566 2169 quemcunque
1587 2142 1601 2155 .
1632 2114 1702 2158 isti

120 2171 292 2203 numeri
326 2164 464 2208 etiam
498 2168 677 2211 formam
711 2173 915 2214 habeant
948 2173 1028 2214 vel
1065 2188 1086 2213 2
1107 2187 1153 2230 p,
1195 2175 1272 2214 vel
1305 2173 1392 2232 ap,
1426 2177 1644 2220 existente
1678 2177 1703 2220 δ

905 2235 949 2278 D
987 2249 1010 2274 2
1591 2241 1704 2284 dlvi-
