1987 2716
829 213 1293 251 ——412=

452 317 714 376 Topaziurn
757 313 1020 359 saxonicum
1062 313 1184 372 quod
1222 313 1422 364 attinet,
1473 312 1630 358 Celeb.
1664 317 1866 378 Wicgle.

259 390 360 431 bins
396 380 468 441 (⁸)
504 397 528 426 e
564 381 829 426 centenario
864 380 1070 422 eiusdem
1106 378 1344 437 sequentes
1381 378 1543 422 elicuit
1580 388 1732 436 partes
1765 395 1868 425 con-

260 452 513 494 stituentes:
569 449 766 492 Siliceae
804 442 938 505 μὲ,
982 443 1192 504 Argillae
1224 441 1361 501 4452,
1408 443 1564 487 Calcis
1606 443 1687 500 αξ,
1726 445 1866 489 oxidi

257 515 357 560 ferri
393 513 447 574 ii]-

458 577 673 621 Sibiricus
726 574 866 636 igitur
916 571 1154 630 Topazius
1197 572 1340 617 noster
1385 586 1409 616 a
1458 570 1718 623 Saxonioe,
1771 571 1799 615 si
1843 584 1870 616 a

254 644 598 702 proportionum
635 639 937 684 varietatibus
974 637 1238 688 drscefferis,
1285 652 1373 682 non
1410 637 1490 681 nisi
1526 636 1737 697 plenario
1772 635 1868 679 cal·

256 710 320 752 cis
357 707 526 751 deseflu
566 706 806 763 discrepat.

444 773 477 828 §.
522 785 559 822 5.
627 768 863 815 Coronidis
916 767 1016 811 loco
1067 767 1209 811 etiam
1260 767 1308 810 id
1360 767 1523 811 addere
1576 781 1601 810 a
1646 763 1871 826 proposito

257 836 398 880 nostro
435 850 522 879 non
559 835 643 878 erit
678 834 906 882 alienum,
942 832 1069 874 istam
1103 834 1158 875 de
1195 845 1287 890 qua
1324 831 1454 891 supra
1490 831 1587 876 dixi
1625 831 1684 889 (§.
1725 845 1764 881 3.
1800 830 1871 888 h.)

254 902 448 961 argillae
503 899 794 958 spontaneam
848 896 1199 956 segregationem
1241 897 1508 955 exemplum
1545 897 1674 940 nobis
1709 895 1866 938 offerre

257 979 454 1018 novum,
501 969 676 1022 quanta
711 961 926 1004 cautione
964 961 1224 1004 huiusmodi
1260 963 1306 1005 in
1341 961 1732 1021 disquisitionibus
1767 961 1870 1003 che-

255 1030 384 1073 micis
422 1029 674 1087 prospicere
710 1026 838 1069 nobis
875 1025 1151 1073 debeamus,
1186 1039 1243 1066 ne
1277 1026 1465 1084 inopino
1499 1027 1698 1084 quodam
1731 1025 1872 1082 phae-

255 1108 446 1137 nomeno
491 1091 652 1135 indum
696 1088 1003 1134 conclufiones
1048 1088 1220 1130 iudicio
1256 1089 1389 1131 nimis
1432 1091 1688 1146 praecipite
1727 1094 1869 1130 matu-

255 1172 401 1201 remus
439 1162 485 1199 et
521 1171 548 1199 a
583 1156 778 1198 veritate
814 1152 1149 1211 digrediamur3
1200 1152 1285 1194 hoc
1326 1152 1420 1204 est,
1472 1166 1529 1194 ne
1571 1151 1864 1193 substantiam

254 1222 481 1281 quandam
535 1220 638 1260 satis
690 1218 780 1259 iam
834 1218 925 1258 iam
977 1221 1130 1257 notam
1173 1228 1257 1256 nec
1302 1215 1380 1257 nisi
1425 1216 1652 1258 larvatam
1687 1227 1768 1272 pro
1804 1215 1868 1256 in—

253 1285 437 1345 cognita
490 1283 755 1325 habeamus.
839 1276 1026 1320 Terram
1073 1277 1194 1319 enim
1231 1277 1558 1334 argillaceam,
1608 1277 1713 1333 igne
1749 1278 1864 1320 bene

255 1349 464 1391 siccatam
511 1351 559 1389 et
603 1346 882 1388 calcinatam
930 1342 1073 1384 acidis
1118 1354 1210 1384 non
1254 1339 1400 1391 solvi,
1449 1338 1556 1382 satis
1589 1338 1772 1395 quidem
1806 1339 1869 1382 su·

251 1427 425 1472 perque
460 1410 656 1465 constat3
699 1410 840 1453 nostro
876 1414 1031 1449 autem
1068 1405 1116 1449 in
1151 1404 1369 1463 exemplo
1403 1402 1515 1446 diaa
1551 1402 1634 1446 illa
1673 1403 1868 1461 argillae

252 1479 404 1536 portio
455 1477 533 1518 via
588 1476 700 1517 adeo
751 1471 924 1531 prorsus
972 1469 1162 1514 humida
1196 1469 1245 1512 in
1285 1468 1425 1512 acidis
1460 1466 1746 1510 insolubilem
1782 1465 1865 1509 sese

252 1542 508 1599 praestitit,
564 1541 696 1583 cuius
734 1540 794 1581 rei
834 1536 1105 1580 mentionem
1143 1533 1389 1577 hodienum
1427 1533 1606 1576 nullam
1645 1531 1739 1575 sieri
1776 1544 1867 1574 me·

253 1607 390 1659 mini3
444 1619 592 1662 neque
629 1604 805 1646 inficias
842 1603 907 1645 ire
945 1601 1054 1643 mihi
1091 1600 1229 1650 licet„
1283 1611 1446 1657 parum
1483 1595 1695 1643 abfuisse„
1729 1598 1864 1652 quin,

252 1669 549 1711 sedimentum
587 1669 700 1711 istud
738 1668 890 1725 sponte
927 1664 1206 1723 segregatum
1244 1662 1472 1721 propriam
1515 1660 1745 1720 quandam
1776 1659 1863 1702 ess'e

254 1739 417 1776 terram
454 1733 650 1775 nondum
686 1733 932 1792 cognitam,
971 1730 1106 1773 initio
1139 1727 1506 1772 existimaverim.

334 1835 409 1881 (¹⁸)
462 1831 574 1874 §thss
601 1833 764 1880 (berniscbc
792 1832 950 1872 annaicn
978 1836 1072 1877 ¹788-
1105 1828 1160 1872 523.
1192 1842 1218 1868 r.
1245 1828 1301 1870 (ὃ.
1330 1829 1396 1865 116.

1629 2368 1669 2413 A
1677 2369 1857 2414 STRO-
