1987 2716
868 230 1142 271 409*-
1187 245 1195 248 ’

124 336 381 381 rulescentis
416 335 573 379 coloris
608 335 795 379 fundum
829 336 995 394 petiit,
1029 336 1270 392 liquorque
1304 333 1432 394 largo
1465 333 1576 377 huic
1610 332 1715 379 sedi-

122 408 274 444 mento
317 400 607 457 supernatans
652 401 824 458 pariter
865 399 1194 441 coerulesccnte
1235 412 1381 455 eaque
1416 405 1713 455 permanente

121 467 353 522 opacitate
394 465 596 508 imbutus
647 464 875 522 apparuit.
962 462 1178 518 Repetita
1212 469 1366 505 tamen
1401 463 1712 515 ebullitione,

70 532 73 538 “
122 538 216 572 ‘cam
252 529 436 586 liquoris
471 541 605 586 quam
640 528 872 572 sedimenti
913 525 1054 569 filicei
1105 527 1225 568 color
1274 527 1356 568 ille
1406 525 1712 568 coerulescens

122 596 262 650 plane
305 594 447 635 omnis
482 592 736 651 disparuit,
788 598 834 633 et
867 592 1157 634 ledimentum
1196 591 1323 632 modo
1360 595 1650 633 memoratum
1687 603 1715 632 a

121 658 296 714 liquore
333 658 717 714 nuncpellucido
754 657 859 698 siltri
893 668 982 712 ope
1015 653 1287 711 separatum,
1323 655 1465 695 lotum
1488 653 1715 696 siccatum-

121 735 210 777 que
247 730 292 762 et
325 720 600 764 calcinatum
636 727 781 764 terrae
816 719 994 761 siliceae
1033 731 1085 767 55
1125 732 1264 775 grana
1299 717 1528 759 exhibuit.

314 797 375 853 c.)
411 798 584 841 Solmio
625 799 711 841 illa
755 798 955 840 alcalina
999 793 1098 853 (a.)
1147 794 1280 836 affuso
1317 795 1444 836 acido
1480 793 1713 836 muriatoso

113 860 343 917 copiosum
380 862 543 904 dimisit
575 863 866 904 ledimentum
903 861 1075 908 album,
1115 860 1235 915 quod
1271 860 1472 900 uberiore
1508 858 1714 900 eiusdem

123 925 240 967 acidi
280 925 416 967 affusa
451 927 583 983 copia
619 927 767 968 denuo
802 925 1072 976 solvebatur,
1106 936 1196 979 quo
1225 921 1343 971 satio,
1378 930 1539 964 terram
1573 922 1622 963 in
1656 934 1712 963 ea

118 998 376 1031 contentam
414 990 679 1033 ammoniaci
713 988 899 1032 caustici
932 1001 1018 1046 ope
1052 986 1376 1044 praecipitavi,
1410 986 1645 1042 lotamque
1665 985 1713 1027 in

120 1052 238 1093 filtro
270 1054 512 1095 ohartaceo
545 1054 725 1111 collegi.

310 1116 384 1173 d.)
419 1117 594 1158 Solutio
631 1116 760 1159 acida
781 1111 871 1172 (b),
909 1115 1087 1172 aliquot
1120 1114 1264 1173 guttis
1306 1113 1425 1156 acidi
1458 1111 1711 1168 sulphurici

118 1177 266 1220 affufis
311 1193 395 1221 non
439 1179 629 1232 turbari,
663 1179 759 1222 visa
793 1180 878 1234 eft3
913 1193 972 1221 ex
1012 1192 1101 1234 quo
1135 1192 1326 1234 pronum
1361 1177 1422 1219 est
1457 1176 1711 1224 iudicium,

115 1241 248 1284 foffile
299 1243 488 1286 nostrum
541 1257 624 1286 nec
674 1242 942 1300 ponderosae
994 1255 1142 1297 neque
1191 1241 1514 1281 Str-onthianae
1564 1247 1710 1280 terrae

114 1305 365 1362 quidquam
411 1307 655 1347 continere.
740 1306 1012 1346 Potaffinum
1051 1315 1157 1346 vero
1192 1302 1452 1343 borufficum
1487 1300 1709 1356 liquorem

116 1368 239 1406 hunc
291 1368 385 1407 levi
435 1368 616 1420 quidem
672 1368 786 1412 illo,
841 1367 1010 1420 absque
1044 1364 1165 1406 omni
1199 1373 1351 1405 tamen
1388 1363 1627 1404 sedimento
1662 1367 1709 1403 et

117 1425 240 1466 salva
276 1428 476 1468 eiusdem
514 1428 853 1482 pelluciditate‚
887 1428 1094 1468 coeruleo
1128 1427 1274 1468 colore
1308 1426 1495 1473 imbuit,
1527 1426 1706 1481 hocque

120 1489 210 1545 ipso
245 1489 410 1530 indicio
446 1489 749 1532 delitescentis
785 1490 883 1531 ferri
920 1489 1108 1549 vestigia
1144 1489 1356 1546 prodidit..

309 1566 370 1622 e.)
405 1565 488 1607 Ilis
540 1566 732 1623 cognitis
782 1566 991 1608 solutioni
1042 1567 1151 1608 huic
1202 1565 1403 1608 debitam
1440 1564 1707 1605 ammoniaci

116 1627 300 1670 caustici
336 1630 514 1685 copiam
551 1630 718 1678 addidi,
754 1635 801 1672 et
835 1630 1074 1672 obtentum
1110 1630 1195 1670 hoc
1231 1628 1358 1669 modo
1392 1627 1569 1683 largum
1605 1625 1709 1668 sedi-

118 1697 348 1743 mentum,
393 1693 462 1742 ei,
498 1694 627 1734 cuius
664 1693 792 1750 snpra
826 1689 916 1750 (c.)
955 1693 1223 1733 mentionem
1258 1689 1358 1737 feci,
1395 1687 1706 1743 fimillimum,

116 1754 233 1795 filtro
268 1756 507 1796 chartaceo
544 1755 796 1804 concitum,
832 1768 951 1811 aqua
986 1755 1093 1797 elui.

297 1811 363 1874 f.)
401 1817 563 1873 Liquor
598 1832 621 1859 a
656 1818 899 1861 sedimento
937 1821 1019 1859 boc
1060 1817 1167 1859 siltri
1212 1828 1298 1872 ope
1343 1815 1607 1872 separatus,
1659 1820 1706 1856 et

117 1881 438 1936 evaporatione
472 1880 766 1923 condensatus
806 1882 921 1924 acidi
957 1881 1145 1930 oxalici,
1181 1880 1451 1922 ammoniaci
1480 1902 1525 1907 —
1551 1888 1598 1920 ct
1630 1892 1707 1935 po-

118 1943 620 1986 taffini-carbonicornm
657 1945 829 1986 accessu
865 1946 1093 1986 illibatam
1115 1943 1485 2000 pelluciditatem
1504 1942 1703 1984 ostendit.

119 2005 191 2046 Ex
229 2020 331 2062 quo,
367 2019 448 2048 nec
482 2008 620 2050 calcis
656 2009 904 2065 quidquam
939 2007 1062 2049 sosfili
1099 2008 1238 2050 nostro
1273 2006 1422 2054 inesse,
1461 2005 1670 2062 sequitur.

310 2077 379 2134 g.)
417 2079 519 2121 Duo
554 2080 637 2122 illa
674 2081 937 2125 ammoniaci
983 2082 1166 2124 caustici
1206 2082 1381 2122 auxilio
1415 2094 1439 2120 e
1476 2079 1703 2122 solutioni-

119 2142 201 2183 bus
254 2141 339 2184 suis
390 2144 693 2200 praecipitata
740 2145 878 2203 inque
932 2146 1059 2187 filtris
1111 2144 1291 2187 collctla
1327 2153 1374 2185 et
1411 2158 1528 2200 aqua
1563 2144 1702 2200 probe

118 2206 380 2248 edulcorata
431 2205 673 2248 sedimenta
724 2204 784 2264 (c.
820 2219 866 2252 et
901 2209 991 2265 6,),
1044 2224 1185 2264 quum
1231 2208 1364 2250 unius
1408 2207 1701 2263 eiusdemque

118 2274 305 2310 naturae
341 2270 425 2311 esse
462 2271 570 2312 mihi
604 2271 874 2328 viderentur,
917 2273 1094 2315 madida
1133 2273 1283 2315 adhuc
1317 2270 1580 2314 coniuntlim
1617 2271 1701 2312 aci-

184 2332 307 2376 Nova
325 2331 433 2377 Aa'a
454 2335 596 2378 Acacl.
619 2335 722 2393 Imp.
745 2335 902 2380 Scient.
926 2337 1039 2380 Yom.
1058 2335 1164 2379 XII.
1341 2335 1376 2378 F
1408 2335 1430 2377 f
1456 2334 1478 2376 f
1644 2334 1700 2375 do
